%YAML 1.1
%TAG !u! tag:unity3d.com,2011:
--- !u!1 &3012348964503999542
GameObject:
  m_ObjectHideFlags: 0
  m_CorrespondingSourceObject: {fileID: 0}
  m_PrefabInstance: {fileID: 0}
  m_PrefabAsset: {fileID: 0}
  serializedVersion: 6
  m_Component:
  - component: {fileID: 7216191267519226723}
  - component: {fileID: 5966922147376909599}
  - component: {fileID: 8708647732347861499}
  - component: {fileID: 4922557093736473912}
  m_Layer: 5
  m_Name: '[Image] Mail Icon'
  m_TagString: Untagged
  m_Icon: {fileID: 0}
  m_NavMeshLayer: 0
  m_StaticEditorFlags: 0
  m_IsActive: 1
--- !u!224 &7216191267519226723
RectTransform:
  m_ObjectHideFlags: 0
  m_CorrespondingSourceObject: {fileID: 0}
  m_PrefabInstance: {fileID: 0}
  m_PrefabAsset: {fileID: 0}
  m_GameObject: {fileID: 3012348964503999542}
  m_LocalRotation: {x: 0, y: 0, z: 0, w: 1}
  m_LocalPosition: {x: 0, y: 0, z: 0}
  m_LocalScale: {x: 1, y: 1, z: 1}
  m_ConstrainProportionsScale: 0
  m_Children:
  - {fileID: 6697700345711997945}
  m_Father: {fileID: 4110822598497389195}
  m_RootOrder: 0
  m_LocalEulerAnglesHint: {x: 0, y: 0, z: 0}
  m_AnchorMin: {x: 0, y: 0}
  m_AnchorMax: {x: 0, y: 0}
  m_AnchoredPosition: {x: 0, y: 0}
  m_SizeDelta: {x: 0, y: 0}
  m_Pivot: {x: 0.5, y: 0.5}
--- !u!222 &5966922147376909599
CanvasRenderer:
  m_ObjectHideFlags: 0
  m_CorrespondingSourceObject: {fileID: 0}
  m_PrefabInstance: {fileID: 0}
  m_PrefabAsset: {fileID: 0}
  m_GameObject: {fileID: 3012348964503999542}
  m_CullTransparentMesh: 1
--- !u!114 &8708647732347861499
MonoBehaviour:
  m_ObjectHideFlags: 0
  m_CorrespondingSourceObject: {fileID: 0}
  m_PrefabInstance: {fileID: 0}
  m_PrefabAsset: {fileID: 0}
  m_GameObject: {fileID: 3012348964503999542}
  m_Enabled: 1
  m_EditorHideFlags: 0
  m_Script: {fileID: 11500000, guid: fe87c0e1cc204ed48ad3b37840f39efc, type: 3}
  m_Name: 
  m_EditorClassIdentifier: 
  m_Material: {fileID: 0}
  m_Color: {r: 1, g: 1, b: 1, a: 1}
  m_RaycastTarget: 1
  m_RaycastPadding: {x: 0, y: 0, z: 0, w: 0}
  m_Maskable: 1
  m_OnCullStateChanged:
    m_PersistentCalls:
      m_Calls: []
  m_Sprite: {fileID: 21300000, guid: 5a6ef9a55adc8411c8305317cadcff52, type: 3}
  m_Type: 0
  m_PreserveAspect: 0
  m_FillCenter: 1
  m_FillMethod: 4
  m_FillAmount: 1
  m_FillClockwise: 1
  m_FillOrigin: 0
  m_UseSpriteMesh: 0
  m_PixelsPerUnitMultiplier: 1
--- !u!114 &4922557093736473912
MonoBehaviour:
  m_ObjectHideFlags: 0
  m_CorrespondingSourceObject: {fileID: 0}
  m_PrefabInstance: {fileID: 0}
  m_PrefabAsset: {fileID: 0}
  m_GameObject: {fileID: 3012348964503999542}
  m_Enabled: 1
  m_EditorHideFlags: 0
  m_Script: {fileID: 11500000, guid: 86710e43de46f6f4bac7c8e50813a599, type: 3}
  m_Name: 
  m_EditorClassIdentifier: 
  m_AspectMode: 3
  m_AspectRatio: 1.2142857
--- !u!1 &9166233314802600117
GameObject:
  m_ObjectHideFlags: 0
  m_CorrespondingSourceObject: {fileID: 0}
  m_PrefabInstance: {fileID: 0}
  m_PrefabAsset: {fileID: 0}
  serializedVersion: 6
  m_Component:
  - component: {fileID: 6697700345711997945}
  - component: {fileID: 2975644116550833586}
  - component: {fileID: 3809620345782449052}
  - component: {fileID: 8376948605887508840}
  m_Layer: 5
  m_Name: '[Image] Notification Icon'
  m_TagString: Untagged
  m_Icon: {fileID: 0}
  m_NavMeshLayer: 0
  m_StaticEditorFlags: 0
  m_IsActive: 1
--- !u!224 &6697700345711997945
RectTransform:
  m_ObjectHideFlags: 0
  m_CorrespondingSourceObject: {fileID: 0}
  m_PrefabInstance: {fileID: 0}
  m_PrefabAsset: {fileID: 0}
  m_GameObject: {fileID: 9166233314802600117}
  m_LocalRotation: {x: -0, y: -0, z: -0, w: 1}
  m_LocalPosition: {x: 0, y: 0, z: 0}
  m_LocalScale: {x: 1, y: 1, z: 1}
  m_ConstrainProportionsScale: 0
  m_Children: []
  m_Father: {fileID: 7216191267519226723}
  m_RootOrder: 0
  m_LocalEulerAnglesHint: {x: 0, y: 0, z: 0}
  m_AnchorMin: {x: 0.7666667, y: 0.9}
  m_AnchorMax: {x: 1.1, y: 0.9}
  m_AnchoredPosition: {x: 0, y: 0}
  m_SizeDelta: {x: 0, y: 0}
  m_Pivot: {x: 0.5, y: 0.5}
--- !u!222 &2975644116550833586
CanvasRenderer:
  m_ObjectHideFlags: 0
  m_CorrespondingSourceObject: {fileID: 0}
  m_PrefabInstance: {fileID: 0}
  m_PrefabAsset: {fileID: 0}
  m_GameObject: {fileID: 9166233314802600117}
  m_CullTransparentMesh: 1
--- !u!114 &3809620345782449052
MonoBehaviour:
  m_ObjectHideFlags: 0
  m_CorrespondingSourceObject: {fileID: 0}
  m_PrefabInstance: {fileID: 0}
  m_PrefabAsset: {fileID: 0}
  m_GameObject: {fileID: 9166233314802600117}
  m_Enabled: 1
  m_EditorHideFlags: 0
  m_Script: {fileID: 11500000, guid: fe87c0e1cc204ed48ad3b37840f39efc, type: 3}
  m_Name: 
  m_EditorClassIdentifier: 
  m_Material: {fileID: 0}
  m_Color: {r: 1, g: 1, b: 1, a: 1}
  m_RaycastTarget: 1
  m_RaycastPadding: {x: 0, y: 0, z: 0, w: 0}
  m_Maskable: 1
  m_OnCullStateChanged:
    m_PersistentCalls:
      m_Calls: []
  m_Sprite: {fileID: 21300000, guid: a5a39d992177449a8bf5c2ad32f61b8e, type: 3}
  m_Type: 0
  m_PreserveAspect: 0
  m_FillCenter: 1
  m_FillMethod: 4
  m_FillAmount: 1
  m_FillClockwise: 1
  m_FillOrigin: 0
  m_UseSpriteMesh: 0
  m_PixelsPerUnitMultiplier: 1
--- !u!114 &8376948605887508840
MonoBehaviour:
  m_ObjectHideFlags: 0
  m_CorrespondingSourceObject: {fileID: 0}
  m_PrefabInstance: {fileID: 0}
  m_PrefabAsset: {fileID: 0}
  m_GameObject: {fileID: 9166233314802600117}
  m_Enabled: 1
  m_EditorHideFlags: 0
  m_Script: {fileID: 11500000, guid: 86710e43de46f6f4bac7c8e50813a599, type: 3}
  m_Name: 
  m_EditorClassIdentifier: 
  m_AspectMode: 1
  m_AspectRatio: 1
--- !u!1001 &5702203507743319934
PrefabInstance:
  m_ObjectHideFlags: 0
  serializedVersion: 2
  m_Modification:
    m_TransformParent: {fileID: 0}
    m_Modifications:
    - target: {fileID: 89252417147269310, guid: c2d9f3bf607ba4ca7a3c844ebaa4e3b7, type: 3}
      propertyPath: m_Name
      value: CrossPromoPortraitButtonUGUI
      objectReference: {fileID: 0}
    - target: {fileID: 2642503985049044205, guid: c2d9f3bf607ba4ca7a3c844ebaa4e3b7, type: 3}
      propertyPath: HideBadgeEvent.m_PersistentCalls.m_Calls.Array.size
      value: 1
      objectReference: {fileID: 0}
    - target: {fileID: 2642503985049044205, guid: c2d9f3bf607ba4ca7a3c844ebaa4e3b7, type: 3}
      propertyPath: ShowBadgeEvent.m_PersistentCalls.m_Calls.Array.size
      value: 1
      objectReference: {fileID: 0}
    - target: {fileID: 2642503985049044205, guid: c2d9f3bf607ba4ca7a3c844ebaa4e3b7, type: 3}
      propertyPath: OnCrossPromoReady.m_PersistentCalls.m_Calls.Array.size
      value: 1
      objectReference: {fileID: 0}
    - target: {fileID: 2642503985049044205, guid: c2d9f3bf607ba4ca7a3c844ebaa4e3b7, type: 3}
      propertyPath: OnCrossPromoNotReady.m_PersistentCalls.m_Calls.Array.size
      value: 1
      objectReference: {fileID: 0}
    - target: {fileID: 2642503985049044205, guid: c2d9f3bf607ba4ca7a3c844ebaa4e3b7, type: 3}
      propertyPath: HideBadgeEvent.m_PersistentCalls.m_Calls.Array.data[0].m_Mode
      value: 6
      objectReference: {fileID: 0}
    - target: {fileID: 2642503985049044205, guid: c2d9f3bf607ba4ca7a3c844ebaa4e3b7, type: 3}
      propertyPath: ShowBadgeEvent.m_PersistentCalls.m_Calls.Array.data[0].m_Mode
      value: 6
      objectReference: {fileID: 0}
    - target: {fileID: 2642503985049044205, guid: c2d9f3bf607ba4ca7a3c844ebaa4e3b7, type: 3}
      propertyPath: HideBadgeEvent.m_PersistentCalls.m_Calls.Array.data[0].m_Target
      value: 
      objectReference: {fileID: 3809620345782449052}
    - target: {fileID: 2642503985049044205, guid: c2d9f3bf607ba4ca7a3c844ebaa4e3b7, type: 3}
      propertyPath: ShowBadgeEvent.m_PersistentCalls.m_Calls.Array.data[0].m_Target
      value: 
      objectReference: {fileID: 3809620345782449052}
    - target: {fileID: 2642503985049044205, guid: c2d9f3bf607ba4ca7a3c844ebaa4e3b7, type: 3}
      propertyPath: OnCrossPromoReady.m_PersistentCalls.m_Calls.Array.data[0].m_Mode
      value: 6
      objectReference: {fileID: 0}
    - target: {fileID: 2642503985049044205, guid: c2d9f3bf607ba4ca7a3c844ebaa4e3b7, type: 3}
      propertyPath: HideBadgeEvent.m_PersistentCalls.m_Calls.Array.data[0].m_CallState
      value: 2
      objectReference: {fileID: 0}
    - target: {fileID: 2642503985049044205, guid: c2d9f3bf607ba4ca7a3c844ebaa4e3b7, type: 3}
      propertyPath: OnCrossPromoReady.m_PersistentCalls.m_Calls.Array.data[0].m_Target
      value: 
      objectReference: {fileID: 3012348964503999542}
    - target: {fileID: 2642503985049044205, guid: c2d9f3bf607ba4ca7a3c844ebaa4e3b7, type: 3}
      propertyPath: ShowBadgeEvent.m_PersistentCalls.m_Calls.Array.data[0].m_CallState
      value: 2
      objectReference: {fileID: 0}
    - target: {fileID: 2642503985049044205, guid: c2d9f3bf607ba4ca7a3c844ebaa4e3b7, type: 3}
      propertyPath: HideBadgeEvent.m_PersistentCalls.m_Calls.Array.data[0].m_MethodName
      value: set_enabled
      objectReference: {fileID: 0}
    - target: {fileID: 2642503985049044205, guid: c2d9f3bf607ba4ca7a3c844ebaa4e3b7, type: 3}
      propertyPath: OnCrossPromoNotReady.m_PersistentCalls.m_Calls.Array.data[0].m_Mode
      value: 6
      objectReference: {fileID: 0}
    - target: {fileID: 2642503985049044205, guid: c2d9f3bf607ba4ca7a3c844ebaa4e3b7, type: 3}
      propertyPath: ShowBadgeEvent.m_PersistentCalls.m_Calls.Array.data[0].m_MethodName
      value: set_enabled
      objectReference: {fileID: 0}
    - target: {fileID: 2642503985049044205, guid: c2d9f3bf607ba4ca7a3c844ebaa4e3b7, type: 3}
      propertyPath: OnCrossPromoNotReady.m_PersistentCalls.m_Calls.Array.data[0].m_Target
      value: 
      objectReference: {fileID: 3012348964503999542}
    - target: {fileID: 2642503985049044205, guid: c2d9f3bf607ba4ca7a3c844ebaa4e3b7, type: 3}
      propertyPath: OnCrossPromoReady.m_PersistentCalls.m_Calls.Array.data[0].m_CallState
      value: 2
      objectReference: {fileID: 0}
    - target: {fileID: 2642503985049044205, guid: c2d9f3bf607ba4ca7a3c844ebaa4e3b7, type: 3}
      propertyPath: OnCrossPromoReady.m_PersistentCalls.m_Calls.Array.data[0].m_MethodName
      value: SetActive
      objectReference: {fileID: 0}
    - target: {fileID: 2642503985049044205, guid: c2d9f3bf607ba4ca7a3c844ebaa4e3b7, type: 3}
      propertyPath: OnCrossPromoNotReady.m_PersistentCalls.m_Calls.Array.data[0].m_CallState
      value: 2
      objectReference: {fileID: 0}
    - target: {fileID: 2642503985049044205, guid: c2d9f3bf607ba4ca7a3c844ebaa4e3b7, type: 3}
      propertyPath: OnCrossPromoNotReady.m_PersistentCalls.m_Calls.Array.data[0].m_MethodName
      value: SetActive
      objectReference: {fileID: 0}
    - target: {fileID: 2642503985049044205, guid: c2d9f3bf607ba4ca7a3c844ebaa4e3b7, type: 3}
      propertyPath: HideBadgeEvent.m_PersistentCalls.m_Calls.Array.data[0].m_TargetAssemblyTypeName
      value: UnityEngine.Behaviour, UnityEngine
      objectReference: {fileID: 0}
    - target: {fileID: 2642503985049044205, guid: c2d9f3bf607ba4ca7a3c844ebaa4e3b7, type: 3}
      propertyPath: ShowBadgeEvent.m_PersistentCalls.m_Calls.Array.data[0].m_TargetAssemblyTypeName
      value: UnityEngine.Behaviour, UnityEngine
      objectReference: {fileID: 0}
    - target: {fileID: 2642503985049044205, guid: c2d9f3bf607ba4ca7a3c844ebaa4e3b7, type: 3}
      propertyPath: ShowBadgeEvent.m_PersistentCalls.m_Calls.Array.data[0].m_Arguments.m_BoolArgument
      value: 1
      objectReference: {fileID: 0}
    - target: {fileID: 2642503985049044205, guid: c2d9f3bf607ba4ca7a3c844ebaa4e3b7, type: 3}
      propertyPath: OnCrossPromoReady.m_PersistentCalls.m_Calls.Array.data[0].m_TargetAssemblyTypeName
      value: UnityEngine.GameObject, UnityEngine
      objectReference: {fileID: 0}
    - target: {fileID: 2642503985049044205, guid: c2d9f3bf607ba4ca7a3c844ebaa4e3b7, type: 3}
      propertyPath: OnCrossPromoReady.m_PersistentCalls.m_Calls.Array.data[0].m_Arguments.m_BoolArgument
      value: 1
      objectReference: {fileID: 0}
    - target: {fileID: 2642503985049044205, guid: c2d9f3bf607ba4ca7a3c844ebaa4e3b7, type: 3}
      propertyPath: OnCrossPromoNotReady.m_PersistentCalls.m_Calls.Array.data[0].m_TargetAssemblyTypeName
      value: UnityEngine.GameObject, UnityEngine
      objectReference: {fileID: 0}
    - target: {fileID: 2642503985049044205, guid: c2d9f3bf607ba4ca7a3c844ebaa4e3b7, type: 3}
      propertyPath: HideBadgeEvent.m_PersistentCalls.m_Calls.Array.data[0].m_Arguments.m_ObjectArgumentAssemblyTypeName
      value: UnityEngine.Object, UnityEngine
      objectReference: {fileID: 0}
    - target: {fileID: 2642503985049044205, guid: c2d9f3bf607ba4ca7a3c844ebaa4e3b7, type: 3}
      propertyPath: ShowBadgeEvent.m_PersistentCalls.m_Calls.Array.data[0].m_Arguments.m_ObjectArgumentAssemblyTypeName
      value: UnityEngine.Object, UnityEngine
      objectReference: {fileID: 0}
    - target: {fileID: 2642503985049044205, guid: c2d9f3bf607ba4ca7a3c844ebaa4e3b7, type: 3}
      propertyPath: OnCrossPromoReady.m_PersistentCalls.m_Calls.Array.data[0].m_Arguments.m_ObjectArgumentAssemblyTypeName
      value: UnityEngine.Object, UnityEngine
      objectReference: {fileID: 0}
    - target: {fileID: 2642503985049044205, guid: c2d9f3bf607ba4ca7a3c844ebaa4e3b7, type: 3}
      propertyPath: OnCrossPromoNotReady.m_PersistentCalls.m_Calls.Array.data[0].m_Arguments.m_ObjectArgumentAssemblyTypeName
      value: UnityEngine.Object, UnityEngine
      objectReference: {fileID: 0}
    - target: {fileID: 6165166989570169118, guid: c2d9f3bf607ba4ca7a3c844ebaa4e3b7, type: 3}
      propertyPath: m_RootOrder
      value: 0
      objectReference: {fileID: 0}
    - target: {fileID: 6165166989570169118, guid: c2d9f3bf607ba4ca7a3c844ebaa4e3b7, type: 3}
      propertyPath: m_LocalPosition.x
      value: 0
      objectReference: {fileID: 0}
    - target: {fileID: 6165166989570169118, guid: c2d9f3bf607ba4ca7a3c844ebaa4e3b7, type: 3}
      propertyPath: m_LocalPosition.y
      value: 0
      objectReference: {fileID: 0}
    - target: {fileID: 6165166989570169118, guid: c2d9f3bf607ba4ca7a3c844ebaa4e3b7, type: 3}
      propertyPath: m_LocalPosition.z
      value: 0
      objectReference: {fileID: 0}
    - target: {fileID: 6165166989570169118, guid: c2d9f3bf607ba4ca7a3c844ebaa4e3b7, type: 3}
      propertyPath: m_LocalRotation.w
      value: 1
      objectReference: {fileID: 0}
    - target: {fileID: 6165166989570169118, guid: c2d9f3bf607ba4ca7a3c844ebaa4e3b7, type: 3}
      propertyPath: m_LocalRotation.x
      value: 0
      objectReference: {fileID: 0}
    - target: {fileID: 6165166989570169118, guid: c2d9f3bf607ba4ca7a3c844ebaa4e3b7, type: 3}
      propertyPath: m_LocalRotation.y
      value: 0
      objectReference: {fileID: 0}
    - target: {fileID: 6165166989570169118, guid: c2d9f3bf607ba4ca7a3c844ebaa4e3b7, type: 3}
      propertyPath: m_LocalRotation.z
      value: 0
      objectReference: {fileID: 0}
    - target: {fileID: 6165166989570169118, guid: c2d9f3bf607ba4ca7a3c844ebaa4e3b7, type: 3}
      propertyPath: m_LocalEulerAnglesHint.x
      value: 0
      objectReference: {fileID: 0}
    - target: {fileID: 6165166989570169118, guid: c2d9f3bf607ba4ca7a3c844ebaa4e3b7, type: 3}
      propertyPath: m_LocalEulerAnglesHint.y
      value: 0
      objectReference: {fileID: 0}
    - target: {fileID: 6165166989570169118, guid: c2d9f3bf607ba4ca7a3c844ebaa4e3b7, type: 3}
      propertyPath: m_LocalEulerAnglesHint.z
      value: 0
      objectReference: {fileID: 0}
    m_RemovedComponents: []
  m_SourcePrefab: {fileID: 100100000, guid: c2d9f3bf607ba4ca7a3c844ebaa4e3b7, type: 3}
--- !u!224 &4110822598497389195 stripped
RectTransform:
  m_CorrespondingSourceObject: {fileID: 8515982262302617077, guid: c2d9f3bf607ba4ca7a3c844ebaa4e3b7, type: 3}
  m_PrefabInstance: {fileID: 5702203507743319934}
  m_PrefabAsset: {fileID: 0}
--- !u!1 &5629320834841483200 stripped
GameObject:
  m_CorrespondingSourceObject: {fileID: 89252417147269310, guid: c2d9f3bf607ba4ca7a3c844ebaa4e3b7, type: 3}
  m_PrefabInstance: {fileID: 5702203507743319934}
  m_PrefabAsset: {fileID: 0}
--- !u!114 &6846658088827668988
MonoBehaviour:
  m_ObjectHideFlags: 0
  m_CorrespondingSourceObject: {fileID: 0}
  m_PrefabInstance: {fileID: 0}
  m_PrefabAsset: {fileID: 0}
  m_GameObject: {fileID: 5629320834841483200}
  m_Enabled: 1
  m_EditorHideFlags: 0
  m_Script: {fileID: 11500000, guid: 4e29b1a8efbd4b44bb3f3716e73f07ff, type: 3}
  m_Name: 
  m_EditorClassIdentifier: 
  m_Navigation:
    m_Mode: 3
    m_WrapAround: 0
    m_SelectOnUp: {fileID: 0}
    m_SelectOnDown: {fileID: 0}
    m_SelectOnLeft: {fileID: 0}
    m_SelectOnRight: {fileID: 0}
  m_Transition: 1
  m_Colors:
    m_NormalColor: {r: 1, g: 1, b: 1, a: 1}
    m_HighlightedColor: {r: 0.9607843, g: 0.9607843, b: 0.9607843, a: 1}
    m_PressedColor: {r: 0.78431374, g: 0.78431374, b: 0.78431374, a: 1}
    m_SelectedColor: {r: 0.9607843, g: 0.9607843, b: 0.9607843, a: 1}
    m_DisabledColor: {r: 0.78431374, g: 0.78431374, b: 0.78431374, a: 0.5019608}
    m_ColorMultiplier: 1
    m_FadeDuration: 0.1
  m_SpriteState:
    m_HighlightedSprite: {fileID: 0}
    m_PressedSprite: {fileID: 0}
    m_SelectedSprite: {fileID: 0}
    m_DisabledSprite: {fileID: 0}
  m_AnimationTriggers:
    m_NormalTrigger: Normal
    m_HighlightedTrigger: Highlighted
    m_PressedTrigger: Pressed
    m_SelectedTrigger: Selected
    m_DisabledTrigger: Disabled
  m_Interactable: 1
  m_TargetGraphic: {fileID: 8708647732347861499}
  m_OnClick:
    m_PersistentCalls:
      m_Calls:
      - m_Target: {fileID: 7750207597061464979}
        m_TargetAssemblyTypeName: Supercompany.CrossPromo.CrossPromoController, Supercompany.CrossPromo
        m_MethodName: OpenPanel
        m_Mode: 1
        m_Arguments:
          m_ObjectArgument: {fileID: 0}
          m_ObjectArgumentAssemblyTypeName: UnityEngine.Object, UnityEngine
          m_IntArgument: 0
          m_FloatArgument: 0
          m_StringArgument: 
          m_BoolArgument: 0
        m_CallState: 2
--- !u!114 &7750207597061464979 stripped
MonoBehaviour:
  m_CorrespondingSourceObject: {fileID: 2642503985049044205, guid: c2d9f3bf607ba4ca7a3c844ebaa4e3b7, type: 3}
  m_PrefabInstance: {fileID: 5702203507743319934}
  m_PrefabAsset: {fileID: 0}
  m_GameObject: {fileID: 5629320834841483200}
  m_Enabled: 1
  m_EditorHideFlags: 0
  m_Script: {fileID: 11500000, guid: 845bc1d234b54467fa35d1f84b35f458, type: 3}
  m_Name: 
  m_EditorClassIdentifier: 
